<?xml version="1.0" encoding="UTF-8"?><collection xmlns="http://www.loc.gov/MARC21/slim"><record><leader>00554nam--2200169-i-4500</leader><controlfield tag="001">000001467</controlfield><controlfield tag="002">20161230</controlfield><controlfield tag="005">20161230201024</controlfield><controlfield tag="008">060222s1000------------r-----000-0-eng-d</controlfield><datafield ind1=" " ind2=" " tag="040"><subfield code="a">IFIN-HH</subfield></datafield><datafield ind1=" " ind2=" " tag="080"><subfield code="a">621.396</subfield></datafield><datafield ind1=" " ind2=" " tag="245"><subfield code="a">Fortschritte der funktechnik und ihrer grenzgebiete.bearbeitet von: curt borchardt toronto/s.a./ mit 523 bildern im text</subfield></datafield><datafield ind1=" " ind2=" " tag="260"><subfield code="a">Sttugart, Franch Sche Verlagshandlung, 1950. 386 P</subfield></datafield><datafield ind1=" " ind2=" " tag="490"><subfield code="a">Handbuch Der Funktehnik Und Ihrer Grenzgebiet</subfield></datafield><datafield ind1=" " ind2=" " tag="700"><subfield code="a">Richter, Heins</subfield></datafield><datafield ind1=" " ind2=" " tag="852"><subfield code="a">76097</subfield></datafield><datafield ind1=" " ind2=" " tag="CAT"><subfield code="a">Sys</subfield><subfield code="c">20101006</subfield><subfield code="h">145339</subfield></datafield></record></collection>